<record><leader>00000cas a22000007a 4500</leader><controlfield tag="001">16126433</controlfield><controlfield tag="008">870702d19181931iauwr ne      0    0eng d</controlfield><datafield ind1=" " ind2=" " tag="010"><subfield code="a">sn 87058441 </subfield></datafield><datafield ind1=" " ind2=" " tag="040"><subfield code="a">INP</subfield><subfield code="b">eng</subfield><subfield code="c">INP</subfield><subfield code="d">OCLCQ</subfield></datafield><datafield ind1=" " ind2=" " tag="042"><subfield code="a">msc</subfield></datafield><datafield ind1="0" ind2=" " tag="130"><subfield code="a">Mitchell County press (Osage, Iowa : 1918)</subfield></datafield><datafield ind1="1" ind2="0" tag="245"><subfield code="a">Mitchell County press.</subfield></datafield><datafield ind1=" " ind2=" " tag="260"><subfield code="a">Osage, Mitchell County, Iowa :</subfield><subfield code="b">H.C. Hill,</subfield><subfield code="c">1918-</subfield></datafield><datafield ind1=" " ind2=" " tag="300"><subfield code="a">v.</subfield></datafield><datafield ind1=" " ind2=" " tag="310"><subfield code="a">Weekly</subfield></datafield><datafield ind1="0" ind2=" " tag="362"><subfield code="a">Vol. 54, no. 14 (Mar. 13, 1918)-</subfield></datafield><datafield ind1="1" ind2=" " tag="362"><subfield code="a">Ceased in Aug. 1931.</subfield></datafield><datafield ind1=" " ind2=" " tag="752"><subfield code="a">United States</subfield><subfield code="b">Iowa</subfield><subfield code="c">Mitchell</subfield><subfield code="d">Osage.</subfield></datafield><datafield ind1="0" ind2="0" tag="780"><subfield code="t">Mitchell County press and the Osage journal</subfield><subfield code="w">(DLC)sn 87058440</subfield></datafield><datafield ind1="0" ind2="7" tag="785"><subfield code="t">Osage news</subfield><subfield code="w">(DLC)sn 87058442</subfield></datafield><datafield ind1="0" ind2="7" tag="785"><subfield code="t">Mitchell County press and the Osage news consolidated</subfield><subfield code="w">(DLC)sn 87058445</subfield></datafield></record>